@Article{Abri0l,
  author 	= "Jamie Cattell ",
  title 	= "How big data can revolutionize pharmaceutical R\&D",
  journal 	= "",
  volume 	= "",
  number 	= "",
  month 	= "",
  year 		= "",
  pages 	= "1-2",
  doi 		= "",
  url		= "https://www.mckinsey.com/industries/pharmaceuticals-and-medical-products/our-in
  sights/how-big-data-can-revolutionize-pharmaceutical-r-and-d",
  note		= "",
}
@Book{Abr02,
  author =       "F. Hoffmann-La Roche Ltd",
  title =        "Understanding Clinical Trials",
  publisher =    "GPS Public Affairs",
  year =         "2013",
  address =      "4070, Basel, Switzerland",
  edition =      "1st.",
  editor = 	 "",
  volume = 	 "",
  number = 	 "",
  series = 	 "",
  month = 	 "",
  note = 	 "",
}
